@article{amiotMagneticDipole1Dg1981,
  title = {The {{Magnetic Dipole}} {\mkbibemph{a}} {\textsuperscript{1}}{{Δ}}{\textsubscript{g}} → {{{\mkbibemph{X}}}} {\textsuperscript{3}}{{Σ}}{\textsubscript{g}}{\textsuperscript{−}} {{Transition}} in the {{Oxygen Afterglow}}},
  author = {Amiot, C. and Verges, J.},
  date = {1981-10-01},
  journaltitle = {Canadian Journal of Physics},
  shortjournal = {Can. J. Phys.},
  volume = {59},
  number = {10},
  pages = {1391--1398},
  issn = {0008-4204, 1208-6045},
  doi = {10.1139/p81-183},
  url = {https://cdnsciencepub.com/doi/10.1139/p81-183},
  urldate = {2025-10-05},
  langid = {english}
}

@book{andersonHypersonicHighTemperatureGas2019,
  title = {Hypersonic and {{High-Temperature Gas Dynamics}}},
  author = {Anderson, Jr., John D.},
  date = {2019},
  edition = {3},
  publisher = {American Institute of Aeronautics \& Astronautics},
  location = {Reston, VA},
  doi = {10.2514/4.105142},
  isbn = {978-1-62410-514-2},
  langid = {english},
  pagetotal = {872}
}

@article{babouHighTemperatureNonequilibriumPartition2009,
  title = {High-{{Temperature}} and {{Nonequilibrium Partition Function}} and {{Thermodynamic Data}} of {{Diatomic Molecules}}},
  author = {Babou, Y. and family=Rivière, given=Ph., given-i={{Ph}} and Perrin, M.-Y. and Soufiani, A.},
  date = {2009-04},
  journaltitle = {International Journal of Thermophysics},
  shortjournal = {Int. J. Thermophys.},
  volume = {30},
  number = {2},
  pages = {416--438},
  issn = {0195-928X, 1572-9567},
  doi = {10.1007/s10765-007-0288-6},
  url = {http://link.springer.com/10.1007/s10765-007-0288-6},
  urldate = {2025-10-05},
  langid = {english}
}

@book{bernathSpectraAtomsMolecules2016,
  title = {Spectra of {{Atoms}} and {{Molecules}}},
  author = {Bernath, Peter F.},
  date = {2016},
  edition = {3},
  publisher = {Oxford University Press},
  location = {New York, NY},
  isbn = {978-0-19-938257-6},
  langid = {english},
  pagetotal = {465}
}

@article{brownHigherOrderFineStructure1981,
  title = {Higher-{{Order Fine Structure}} of the {\mkbibemph{a}} {\textsuperscript{4}}{{Π State}} of {{O}}{\textsubscript{2}}{\textsuperscript{+}}},
  author = {Brown, J.M. and Milton, D.J. and Watson, J.K.G. and Zare, R.N. and Albritton, D.L. and Horani, M. and Rostas, J.},
  date = {1981-11},
  journaltitle = {Journal of Molecular Spectroscopy},
  shortjournal = {J. Mol. Spectrosc.},
  volume = {90},
  number = {1},
  pages = {139--151},
  issn = {00222852},
  doi = {10.1016/0022-2852(81)90338-6},
  url = {https://linkinghub.elsevier.com/retrieve/pii/0022285281903386},
  urldate = {2025-10-06},
  langid = {english}
}

@article{brownLambdaTypeDoublingParameters1979,
  title = {Lambda-{{Type Doubling Parameters}} for {{Molecules}} in {{Π Electronic States}} of {{Triplet}} and {{Higher Multiplicity}}},
  author = {Brown, J.M. and Merer, A.J.},
  date = {1979-03},
  journaltitle = {Journal of Molecular Spectroscopy},
  shortjournal = {J. Mol. Spectrosc.},
  volume = {74},
  number = {3},
  pages = {488--494},
  issn = {00222852},
  doi = {10.1016/0022-2852(79)90172-3},
  url = {https://linkinghub.elsevier.com/retrieve/pii/0022285279901723},
  urldate = {2025-10-06},
  langid = {english}
}

@article{brownLTypeDoublingParameters1987,
  title = {Λ-{{Type Doubling Parameters}} for {{Molecules}} in {{Δ Electronic States}}},
  author = {Brown, J.M and Cheung, A.S-C and Merer, A.J},
  date = {1987-08},
  journaltitle = {Journal of Molecular Spectroscopy},
  shortjournal = {J. Mol. Spectrosc.},
  volume = {124},
  number = {2},
  pages = {464--475},
  issn = {00222852},
  doi = {10.1016/0022-2852(87)90157-3},
  url = {https://linkinghub.elsevier.com/retrieve/pii/0022285287901573},
  urldate = {2025-10-06},
  langid = {english}
}

@book{brownRotationalSpectroscopyDiatomic2003,
  title = {Rotational {{Spectroscopy}} of {{Diatomic Molecules}}},
  author = {Brown, John M. and Carrington, Alan},
  date = {2003-04-10},
  publisher = {Cambridge University Press},
  doi = {10.1017/CBO9780511814808},
  url = {https://www.cambridge.org/core/product/identifier/9780511814808/type/book},
  urldate = {2025-05-26},
  isbn = {978-0-521-53078-1},
  langid = {english},
  pagetotal = {1013}
}

@book{chandrasekharRadiativeTransfer2016,
  title = {Radiative {{Transfer}}},
  author = {Chandrasekhar, Subrahmanyan},
  date = {2016},
  series = {Dover {{Books}} on {{Physics}}},
  publisher = {Dover Publications},
  location = {New York, NY},
  isbn = {978-0-486-60590-6},
  langid = {english},
  pagetotal = {393}
}

@article{cheungFourierTransformSpectroscopy1984,
  title = {Fourier {{Transform Spectroscopy}} of {{CrO}}: {{Rotational Analysis}} of the {{{\mkbibemph{A}}}} {\textsuperscript{5}}{{Σ}}−{{{\mkbibemph{X}}}} {\textsuperscript{5}}{{Π}} (0,0) {{Band Near}} 8000 Cm{\textsuperscript{−1}}},
  shorttitle = {Fourier Transform Spectroscopy of {{CrO}}},
  author = {Cheung, A.S-C. and Żyrnicki, W. and Merer, A.J.},
  date = {1984-04},
  journaltitle = {Journal of Molecular Spectroscopy},
  shortjournal = {J. Mol. Spectrosc.},
  volume = {104},
  number = {2},
  pages = {315--336},
  issn = {00222852},
  doi = {10.1016/0022-2852(84)90125-5},
  url = {https://linkinghub.elsevier.com/retrieve/pii/0022285284901255},
  urldate = {2025-10-06},
  langid = {english}
}

@article{cheungMolecularSpectroscopicConstants1986,
  title = {Molecular {{Spectroscopic Constants}} of {{O}}{\textsubscript{2}} ({{{\mkbibemph{B}}}} {\textsuperscript{3}}{{Σ}}{\textsuperscript{–}}): {{The Upper State}} of the {{Schumann}}–{{Runge Bands}}},
  shorttitle = {Molecular Spectroscopic Constants of {{O2}}({{B3Σ}}−)},
  author = {Cheung, A.S.-C. and Yoshino, K. and Parkinson, W.H. and Freeman, D.E.},
  date = {1986-09},
  journaltitle = {Journal of Molecular Spectroscopy},
  shortjournal = {J. Mol. Spectrosc.},
  volume = {119},
  number = {1},
  pages = {1--10},
  issn = {00222852},
  doi = {10.1016/0022-2852(86)90196-7},
  url = {https://linkinghub.elsevier.com/retrieve/pii/0022285286901967},
  urldate = {2025-10-05},
  langid = {english}
}

@book{condonTheoryAtomicSpectra1935,
  title = {The {{Theory}} of {{Atomic Spectra}}},
  author = {Condon, Edward Uhler and Shortley, George},
  date = {1935},
  publisher = {Cambridge University Press},
  location = {Cambridge, England},
  isbn = {978-0-521-09209-8},
  langid = {english},
  pagetotal = {441}
}

@book{demtroderLaserSpectroscopy2008,
  title = {Laser {{Spectroscopy}}},
  author = {Demtröder, Wolfgang},
  date = {2008},
  publisher = {Springer-Verlag Berlin Heidelberg},
  location = {Berlin, Germany},
  doi = {10.1007/978-3-540-73418-5},
  url = {http://link.springer.com/10.1007/978-3-540-73418-5},
  urldate = {2025-10-06},
  isbn = {978-3-540-73415-4 978-3-540-73418-5},
  langid = {english}
}

@inproceedings{diskin3LevelModelSchumann1996,
  title = {A 3-{{Level Model}} for {{Schumann}}–{{Runge O}}{\textsubscript{2}} {{Laser-Induced Fluorescence}}},
  booktitle = {Fluid {{Dynamics Conference}}},
  author = {Diskin, Glenn and Lempert, Walter and Miles, Richard},
  date = {1996-06-17},
  publisher = {{American Institute of Aeronautics and Astronautics}},
  location = {New Orleans, LA},
  doi = {10.2514/6.1996-1991},
  url = {https://arc.aiaa.org/doi/10.2514/6.1996-1991},
  urldate = {2025-10-05},
  eventtitle = {Fluid {{Dynamics Conference}}},
  langid = {english}
}

@book{foxStudentsGuideAtomic2018,
  title = {A {{Student}}'s {{Guide}} to {{Atomic Physics}}},
  author = {Fox, Mark},
  date = {2018},
  series = {Student's {{Guides}}},
  publisher = {Cambridge University Press},
  location = {Cambridge, England},
  doi = {10.1017/9781316981337},
  isbn = {978-1-107-18873-0},
  langid = {english},
  pagetotal = {292}
}

@thesis{grinsteadTemperatureMeasurementHighTemperature1995,
  title = {Temperature {{Measurement}} in {{High-Temperature Gases Using KrF Laser-Induced O}}{\textsubscript{2}} {{Fluorescence}}},
  author = {Grinstead, Jay},
  date = {1995-01},
  institution = {The University of Virginia},
  langid = {english},
  pagetotal = {131}
}

@book{hansonSpectroscopyOpticalDiagnostics2016,
  title = {Spectroscopy and {{Optical Diagnostics}} for {{Gases}}},
  author = {Hanson, Ronald K. and Spearrin, R. Mitchell and Goldenstein, Christopher S.},
  date = {2016},
  series = {{{SpringerLink Bücher}}},
  publisher = {Springer},
  location = {Cham, Switzerland},
  doi = {10.1007/978-3-319-23252-2},
  isbn = {978-3-319-23251-5},
  langid = {english},
  pagetotal = {279}
}

@mvbook{herzbergMolecularSpectraMolecular1950,
  title = {Molecular {{Spectra}} and {{Molecular Structure}}: {{Volume I}} – {{Spectra}} of {{Diatomic Molecules}}},
  author = {Herzberg, Gerhard},
  date = {1950},
  edition = {2},
  volume = {1},
  publisher = {Van Nostrand Reinhold Company},
  isbn = {978-0-442-03385-9},
  langid = {english},
  pagetotal = {658},
  volumes = {4}
}

@article{hirotaSymbolsFineHyperfine1994,
  title = {Symbols for {{Fine}} and {{Hyperfine Structure Parameters}}},
  author = {Hirota, E. and Brown, John M. and Hougen, J. T. and Shida, T. and Hirota, N.},
  date = {1994-01-01},
  journaltitle = {Pure and Applied Chemistry},
  shortjournal = {Pure Appl. Chem.},
  volume = {66},
  number = {3},
  pages = {571--576},
  issn = {1365-3075, 0033-4545},
  doi = {10.1351/pac199466030571},
  url = {https://www.degruyter.com/document/doi/10.1351/pac199466030571/html},
  urldate = {2025-10-06},
  langid = {english}
}

@report{hougenCalculationRotationalEnergy1970,
  title = {The {{Calculation}} of {{Rotational Energy Levels}} and {{Rotational Line Intensities}} in {{Diatomic Molecules}}},
  author = {Hougen, Jon T},
  date = {1970},
  number = {NBS MONOGRAPH 115},
  pages = {49},
  institution = {National Bureau of Standards},
  location = {Gaithersburg, MD},
  doi = {10.6028/NBS.MONO.115},
  url = {https://nvlpubs.nist.gov/nistpubs/Legacy/MONO/nbsmonograph115.pdf},
  urldate = {2025-05-26},
  langid = {english}
}

@book{josyulaHypersonicNonequilibriumFlows2015,
  title = {Hypersonic {{Nonequilibrium Flows}}: {{Fundamentals}} and {{Recent Advances}}},
  shorttitle = {Hypersonic {{Nonequilibrium Flows}}},
  editor = {Josyula, Eswar},
  date = {2015-02-10},
  publisher = {{American Institute of Aeronautics and Astronautics, Inc.}},
  location = {Reston, VA},
  doi = {10.2514/4.103292},
  url = {https://arc.aiaa.org/doi/book/10.2514/4.103292},
  urldate = {2025-10-06},
  isbn = {978-1-62410-328-5},
  langid = {english}
}

@book{kovacsRotationalStructureSpectra1969,
  title = {Rotational {{Structure}} in the {{Spectra}} of {{Diatomic Molecules}}},
  shorttitle = {Rotational Structure in the Spectra of Diatomic Molecules},
  author = {Kovács, István},
  date = {1969},
  publisher = {Hilger},
  location = {London, England},
  isbn = {978-0-85274-142-9},
  langid = {english},
  pagetotal = {320}
}

@article{lauxArraysRadiativeTransition1992,
  title = {Arrays of {{Radiative Transition Probabilities}} for the {{N}}{\textsubscript{2}} {{First}} and {{Second Positive}}, {{NO Beta}} and {{Gamma}}, {{N}}{\textsubscript{2}}{\textsuperscript{+}} {{First Negative}}, and {{O}}{\textsubscript{2}} {{Schumann}}–{{Runge Band Systems}}},
  author = {Laux, Christophe O. and Kruger, Charles H.},
  date = {1992-07},
  journaltitle = {Journal of Quantitative Spectroscopy \& Radiative Transfer},
  shortjournal = {J. Quant. Spectrosc. Radiat. Transfer},
  volume = {48},
  number = {1},
  pages = {9--24},
  issn = {00224073},
  doi = {10.1016/0022-4073(92)90003-M},
  url = {https://linkinghub.elsevier.com/retrieve/pii/002240739290003M},
  urldate = {2025-10-05},
  langid = {english}
}

@book{lefebvre-brionSpectraDynamicsDiatomic2004,
  title = {The {{Spectra}} and {{Dynamics}} of {{Diatomic Molecules}}},
  author = {Lefebvre-Brion, Hélène and Field, Robert W.},
  date = {2004},
  publisher = {Academic Press},
  doi = {10.1016/B978-0-12-441455-6.X5000-8},
  url = {https://linkinghub.elsevier.com/retrieve/pii/B9780124414556X50008},
  urldate = {2025-05-26},
  isbn = {978-0-12-441455-6},
  langid = {english},
  pagetotal = {766}
}

@online{nistConstantsDiatomicMolecules2025,
  title = {Constants of {{Diatomic Molecules}}: {{Oxygen}}},
  author = {NIST},
  date = {2025},
  url = {https://webbook.nist.gov/cgi/cbook.cgi?ID=C7782447&Mask=1000#Diatomic},
  urldate = {2025-10-05},
  langid = {english}
}

@online{nistDiatomicSpectralDatabase2018,
  title = {Diatomic {{Spectral Database}}, {\textsuperscript{1}}{{Σ-Ground State Molecules}}},
  author = {NIST},
  date = {2018-04-24},
  url = {https://www.nist.gov/pml/diatomic-spectral-database/diatomic-spectral-database-1s-ground-state-molecules},
  urldate = {2025-10-05},
  langid = {english},
  annotation = {Last Modified: 2025-02-19T11:17-05:00}
}

@online{nistDiatomicSpectralDatabase2018a,
  title = {Diatomic {{Spectral Database}}, {\textsuperscript{3}}{{Σ-Ground State Molecules}}},
  author = {NIST},
  date = {2018-04-26},
  url = {https://www.nist.gov/pml/diatomic-spectral-database/diatomic-spectral-database-3s-ground-state-molecules},
  urldate = {2025-10-05},
  langid = {english},
  annotation = {Last Modified: 2025-02-19T11:17-05:00}
}

@book{rybickiRadiativeProcessesAstrophysics2004,
  title = {Radiative {{Processes}} in {{Astrophysics}}},
  author = {Rybicki, George B. and Lightman, Alan P.},
  date = {2004},
  publisher = {Wiley-VCH Verlag GmbH \& Co. KGaA},
  location = {Weinheim, Germany},
  doi = {10.1002/9783527618170},
  isbn = {978-0-471-82759-7},
  langid = {english},
  pagetotal = {312}
}

@article{schadeeUniqueDefinitionsBand1978,
  title = {Unique {{Definitions}} for the {{Band Strength}} and the {{Electronic-Vibrational Dipole Moment}} of {{Diatomic Molecular Radiative Transitions}}},
  author = {Schadee, Aert},
  date = {1978-04},
  journaltitle = {Journal of Quantitative Spectroscopy \& Radiative Transfer},
  shortjournal = {J. Quant. Spectrosc. Radiat. Transfer},
  volume = {19},
  number = {4},
  pages = {451--453},
  issn = {00224073},
  doi = {10.1016/0022-4073(78)90120-6},
  url = {https://linkinghub.elsevier.com/retrieve/pii/0022407378901206},
  urldate = {2025-10-05},
  langid = {english}
}

@book{shankarPrinciplesQuantumMechanics1994,
  title = {Principles of {{Quantum Mechanics}}},
  author = {Shankar, R.},
  date = {1994},
  publisher = {Springer US},
  location = {New York, NY},
  doi = {10.1007/978-1-4757-0576-8},
  url = {https://link.springer.com/10.1007/978-1-4757-0576-8},
  urldate = {2025-06-07},
  isbn = {978-0-306-44790-7},
  langid = {english},
  pagetotal = {676}
}

@article{tatumHonlLondonFactors1966,
  title = {Hönl–{{London Factors}} for {\textsuperscript{3}}{{Σ}}{\textsuperscript{±}} −{\textsuperscript{3}}{{Σ}}{\textsuperscript{±}} {{Transitions}}},
  author = {Tatum, J. B.},
  date = {1966-11-01},
  journaltitle = {Canadian Journal of Physics},
  shortjournal = {Can. J. Phys.},
  volume = {44},
  number = {11},
  pages = {2944--2946},
  issn = {0008-4204, 1208-6045},
  doi = {10.1139/p66-238},
  url = {https://cdnsciencepub.com/doi/10.1139/p66-238},
  urldate = {2025-10-05},
  langid = {english}
}

@article{westernPGOPHERProgramSimulating2017,
  title = {{{PGOPHER}}: {{A Program}} for {{Simulating Rotational}}, {{Vibrational}} and {{Electronic Spectra}}},
  shorttitle = {Pgopher},
  author = {Western, Colin M.},
  date = {2017-01},
  journaltitle = {Journal of Quantitative Spectroscopy \& Radiative Transfer},
  shortjournal = {J. Quant. Spectrosc. Radiat. Transfer},
  volume = {186},
  pages = {221--242},
  issn = {00224073},
  doi = {10.1016/j.jqsrt.2016.04.010},
  url = {https://linkinghub.elsevier.com/retrieve/pii/S0022407316300437},
  urldate = {2025-05-26},
  langid = {english}
}
