@article{amiotMagneticDipole1Dg1981,
  title = {The {{Magnetic Dipole}} {\mkbibemph{a}} {\textsuperscript{1}}{{Δ}}{\textsubscript{g}} → {{{\mkbibemph{X}}}} {\textsuperscript{3}}{{Σ}}{\textsubscript{g}}{\textsuperscript{−}} {{Transition}} in the {{Oxygen Afterglow}}},
  author = {Amiot, C. and Verges, J.},
  date = {1981-10-01},
  journaltitle = {Canadian Journal of Physics},
  shortjournal = {Can. J. Phys.},
  volume = {59},
  number = {10},
  pages = {1391--1398},
  issn = {0008-4204, 1208-6045},
  doi = {10.1139/p81-183},
  url = {https://cdnsciencepub.com/doi/10.1139/p81-183},
  urldate = {2025-10-05},
  langid = {english}
}

@book{andersonHypersonicHighTemperatureGas2019,
  title = {Hypersonic and {{High-Temperature Gas Dynamics}}},
  author = {Anderson, Jr., John D.},
  date = {2019},
  edition = {3},
  publisher = {American Institute of Aeronautics \& Astronautics},
  location = {Reston},
  isbn = {978-1-62410-514-2},
  langid = {english},
  pagetotal = {1}
}

@article{babouHighTemperatureNonequilibriumPartition2009,
  title = {High-{{Temperature}} and {{Nonequilibrium Partition Function}} and {{Thermodynamic Data}} of {{Diatomic Molecules}}},
  author = {Babou, Y. and family=Rivière, given=Ph., given-i={{Ph}} and Perrin, M.-Y. and Soufiani, A.},
  date = {2009-04},
  journaltitle = {International Journal of Thermophysics},
  shortjournal = {Int. J. Thermophys.},
  volume = {30},
  number = {2},
  pages = {416--438},
  issn = {0195-928X, 1572-9567},
  doi = {10.1007/s10765-007-0288-6},
  url = {http://link.springer.com/10.1007/s10765-007-0288-6},
  urldate = {2025-10-05},
  langid = {english}
}

@article{cheungMolecularSpectroscopicConstants1986,
  title = {Molecular {{Spectroscopic Constants}} of {{O}}{\textsubscript{2}}({{B}} {\textsuperscript{3}}{{Σ}}{\textsuperscript{–}}): {{The Upper State}} of the {{Schumann}}–{{Runge Bands}}},
  shorttitle = {Molecular Spectroscopic Constants of {{O2}}({{B3Σ}}−)},
  author = {Cheung, A.S.-C. and Yoshino, K. and Parkinson, W.H. and Freeman, D.E.},
  date = {1986-09},
  journaltitle = {Journal of Molecular Spectroscopy},
  shortjournal = {J. Mol. Spectrosc.},
  volume = {119},
  number = {1},
  pages = {1--10},
  issn = {00222852},
  doi = {10.1016/0022-2852(86)90196-7},
  url = {https://linkinghub.elsevier.com/retrieve/pii/0022285286901967},
  urldate = {2025-10-05},
  langid = {english}
}

@inproceedings{diskin3LevelModelSchumann1996,
  title = {A 3-{{Level Model}} for {{Schumann}}–{{Runge O}}{\textsubscript{2}} {{Laser-Induced Fluorescence}}},
  booktitle = {Fluid {{Dynamics Conference}}},
  author = {Diskin, Glenn and Lempert, Walter and Miles, Richard},
  date = {1996-06-17},
  publisher = {{American Institute of Aeronautics and Astronautics}},
  location = {New Orleans, LA, U.S.A.},
  doi = {10.2514/6.1996-1991},
  url = {https://arc.aiaa.org/doi/10.2514/6.1996-1991},
  urldate = {2025-10-05},
  eventtitle = {Fluid {{Dynamics Conference}}},
  langid = {english}
}

@book{foxStudentsGuideAtomic2018,
  title = {A {{Student}}'s {{Guide}} to {{Atomic Physics}}},
  author = {Fox, Mark},
  date = {2018},
  series = {Student's Guides},
  publisher = {Cambridge University Press},
  location = {Cambridge New York, NY Port Melbourne New Delhi Singapore},
  doi = {10.1017/9781316981337},
  isbn = {978-1-107-18873-0 978-1-316-98133-7},
  langid = {english},
  pagetotal = {1}
}

@thesis{grinsteadTemperatureMeasurementHighTemperature1995,
  title = {Temperature {{Measurement}} in {{High-Temperature Gases Using KrF Laser-Induced O}}{\textsubscript{2}} {{Fluorescence}}},
  author = {Grinstead, Jay},
  date = {1995-01},
  institution = {The University of Virginia},
  langid = {english},
  pagetotal = {131}
}

@book{hansonSpectroscopyOpticalDiagnostics2016,
  title = {Spectroscopy and {{Optical Diagnostics}} for {{Gases}}},
  author = {Hanson, Ronald K. and Spearrin, R. Mitchell and Goldenstein, Christopher S.},
  date = {2016},
  series = {{{SpringerLink Bücher}}},
  edition = {1st ed. 2016},
  publisher = {Springer},
  location = {Cham},
  doi = {10.1007/978-3-319-23252-2},
  isbn = {978-3-319-23251-5},
  langid = {english},
  pagetotal = {279}
}

@mvbook{herzbergMolecularSpectraMolecular1950,
  title = {Molecular {{Spectra}} and {{Molecular Structure}}: {{Volume I}} – {{Spectra}} of {{Diatomic Molecules}}},
  author = {Herzberg, Gerhard},
  date = {1950},
  edition = {2},
  volume = {1},
  publisher = {Van Nostrand Reinhold Company},
  isbn = {978-0-442-03385-9},
  langid = {english},
  pagetotal = {658},
  volumes = {4}
}

@book{kovacsRotationalStructureSpectra1969,
  title = {Rotational {{Structure}} in the {{Spectra}} of {{Diatomic Molecules}}},
  shorttitle = {Rotational Structure in the Spectra of Diatomic Molecules},
  author = {Kovács, István},
  date = {1969},
  publisher = {Hilger},
  location = {London},
  isbn = {978-0-85274-142-9},
  langid = {english},
  pagetotal = {320}
}

@online{nistConstantsDiatomicMolecules2025,
  title = {Constants of {{Diatomic Molecules}}: {{Oxygen}}},
  author = {NIST},
  date = {2025},
  url = {https://webbook.nist.gov/cgi/cbook.cgi?ID=C7782447&Mask=1000#Diatomic},
  urldate = {2025-10-05},
  langid = {english}
}

@online{nistDiatomicSpectralDatabase2018,
  title = {Diatomic {{Spectral Database}}, {\textsuperscript{3}}{{Σ-Ground State Molecules}}},
  author = {NIST},
  date = {2018-04-26},
  url = {https://www.nist.gov/pml/diatomic-spectral-database/diatomic-spectral-database-3s-ground-state-molecules},
  urldate = {2025-10-05},
  langid = {english},
  annotation = {Last Modified: 2025-02-19T11:17-05:00}
}

@online{nistDiatomicSpectralDatabase2018a,
  title = {Diatomic {{Spectral Database}}, {\textsuperscript{1}}{{Σ-Ground State Molecules}}},
  author = {NIST},
  date = {2018-04-24},
  url = {https://www.nist.gov/pml/diatomic-spectral-database/diatomic-spectral-database-1s-ground-state-molecules},
  urldate = {2025-10-05},
  langid = {english},
  annotation = {Last Modified: 2025-02-19T11:17-05:00}
}

@article{tatumHonlLondonFactors1966,
  title = {Hönl–{{London Factors for}} {\textsuperscript{3}}{{Σ}}{\textsuperscript{±}} −{\textsuperscript{3}}{{Σ}}{\textsuperscript{±}} {{Transitions}}},
  author = {Tatum, J. B.},
  date = {1966-11-01},
  journaltitle = {Canadian Journal of Physics},
  shortjournal = {Can. J. Phys.},
  volume = {44},
  number = {11},
  pages = {2944--2946},
  issn = {0008-4204, 1208-6045},
  doi = {10.1139/p66-238},
  url = {https://cdnsciencepub.com/doi/10.1139/p66-238},
  urldate = {2025-10-05},
  langid = {english}
}
