@book{herzberg:diatomic,
  author = {Gerhard Herzberg},
  title = {Molecular Spectra and Molecular Structure: Volume I -- Spectra of Diatomic Molecules},
  edition = {2},
  year = {1989},
  publisher = {Krieger}
}

@online{nist:diatomic,
  institution = {National Institute of Standards and Technology},
  title = {{Constants of Diatomic Molecules: Oxygen}},
  url = {https://webbook.nist.gov/cgi/cbook.cgi?ID=C7782447&Mask=1000#Diatomic},
  year = {2023}
}

@online{nist:sigma1,
  institution = {National Institute of Standards and Technology},
  title = {{Diatomic Spectral Database, $\state{1}{\Sigma}$-Ground State Molecules}},
  url = {https://www.nist.gov/pml/diatomic-spectral-database/diatomic-spectral-database-1s-ground-state-molecules},
  year = {2023}
}

@online{nist:sigma3,
  institution = {National Institute of Standards and Technology},
  title = {{Diatomic Spectral Database, $\state{3}{\Sigma}$-Ground State Molecules}},
  url = {https://www.nist.gov/pml/diatomic-spectral-database/diatomic-spectral-database-3s-ground-state-molecules},
  year = {2023}
}
